[gd_scene load_steps=13 format=3 uid="uid://bmpoh62tqsq7i"]

[ext_resource type="Shape2D" path="res://Shapes/playerRectangleshape2d.tres" id="1"]
[ext_resource type="Texture2D" uid="uid://dg3j4iwoqfs1s" path="res://Sprites/EnemySheet.png" id="2"]
[ext_resource type="Script" path="res://Scripts/Enemy.gd" id="3"]
[ext_resource type="Animation" path="res://Animations/PlayerIdleDown.tres" id="6"]
[ext_resource type="Animation" path="res://Animations/PlayerIdleLeft.tres" id="7"]
[ext_resource type="Animation" path="res://Animations/PlayerIdleRight.tres" id="8"]
[ext_resource type="Animation" path="res://Animations/PlayerIdleUp.tres" id="9"]
[ext_resource type="Animation" path="res://Animations/EnemyRunDown.tres" id="10"]
[ext_resource type="Animation" path="res://Animations/EnemyRunLeft.tres" id="11"]
[ext_resource type="Animation" path="res://Animations/EnemyRunRight.tres" id="12"]
[ext_resource type="Animation" path="res://Animations/EnemyRunUp.tres" id="13"]

[sub_resource type="AnimationLibrary" id="AnimationLibrary_tseff"]
_data = {
"EnemyRunDown": ExtResource("10"),
"EnemyRunLeft": ExtResource("11"),
"EnemyRunRight": ExtResource("12"),
"EnemyRunUp": ExtResource("13"),
"PlayerIdleDown": ExtResource("6"),
"PlayerIdleLeft": ExtResource("7"),
"PlayerIdleRight": ExtResource("8"),
"PlayerIdleUp": ExtResource("9")
}

[node name="Enemy" type="CharacterBody2D" groups=["Enemy"]]
script = ExtResource("3")

[node name="Sprite2D" type="Sprite2D" parent="."]
texture = ExtResource("2")
centered = false
offset = Vector2(-8, -8)
hframes = 12
frame = 4

[node name="CollisionShape2D" type="CollisionShape2D" parent="."]
position = Vector2(0, 2)
shape = ExtResource("1")

[node name="AnimationPlayer" type="AnimationPlayer" parent="."]
libraries = {
"": SubResource("AnimationLibrary_tseff")
}
