[gd_scene load_steps=10 format=3 uid="uid://cqbbb26w5e442"]

[ext_resource type="Script" path="res://Scripts/TouchDPad.gd" id="1"]
[ext_resource type="Texture2D" uid="uid://d32r01xgyexru" path="res://Sprites/ArrowButton.png" id="2_sct1r"]
[ext_resource type="PackedScene" uid="uid://b228qqvc1f8u5" path="res://GB_Screen.tscn" id="2_uh8fr"]
[ext_resource type="Texture2D" uid="uid://cxr6yx6hjhmcy" path="res://Sprites/ArrowButtonUpPressed.png" id="3_ae1ra"]
[ext_resource type="Shape2D" uid="uid://cx2twjcov7rrt" path="res://Shapes/diagonal_touch_button.tres" id="4"]
[ext_resource type="Texture2D" uid="uid://3i82ph1h6e2r" path="res://Sprites/InteractButton.png" id="5"]
[ext_resource type="Texture2D" uid="uid://bup3tatyoghmv" path="res://Sprites/InteractButtonPressed.png" id="6"]
[ext_resource type="Texture2D" uid="uid://d1i430muh5fcw" path="res://Sprites/MenuButton.png" id="7_qp4yc"]
[ext_resource type="Texture2D" uid="uid://blxjyalo7ke7m" path="res://Sprites/MenuButtonPressed.png" id="8_aduc0"]

[node name="TouchDPad" type="Node2D"]
process_mode = 3
script = ExtResource("1")

[node name="CanvasLayer" type="CanvasLayer" parent="."]

[node name="TouchControls" type="Node2D" parent="CanvasLayer"]

[node name="TouchScreenButtonUp" type="TouchScreenButton" parent="CanvasLayer/TouchControls"]
z_index = 1
position = Vector2(32, 80)
texture_normal = ExtResource("2_sct1r")
texture_pressed = ExtResource("3_ae1ra")
shape = ExtResource("4")
passby_press = true
action = "up"
visibility_mode = 1

[node name="TouchScreenButtonDown" type="TouchScreenButton" parent="CanvasLayer/TouchControls"]
z_index = 1
position = Vector2(48, 128)
rotation = 3.14159
texture_normal = ExtResource("2_sct1r")
texture_pressed = ExtResource("3_ae1ra")
shape = ExtResource("4")
passby_press = true
action = "down"
visibility_mode = 1

[node name="TouchScreenButtonLeft" type="TouchScreenButton" parent="CanvasLayer/TouchControls"]
z_index = 1
position = Vector2(16, 112)
rotation = -1.5708
texture_normal = ExtResource("2_sct1r")
texture_pressed = ExtResource("3_ae1ra")
shape = ExtResource("4")
passby_press = true
action = "left"
visibility_mode = 1

[node name="TouchScreenButtonRight" type="TouchScreenButton" parent="CanvasLayer/TouchControls"]
z_index = 1
position = Vector2(64, 96)
rotation = 1.5708
texture_normal = ExtResource("2_sct1r")
texture_pressed = ExtResource("3_ae1ra")
shape = ExtResource("4")
passby_press = true
action = "right"
visibility_mode = 1

[node name="TouchScreenButtonInteract" type="TouchScreenButton" parent="CanvasLayer/TouchControls"]
z_index = 1
position = Vector2(224, 112)
texture_normal = ExtResource("5")
texture_pressed = ExtResource("6")
shape = ExtResource("4")
passby_press = true
action = "ui_accept"
visibility_mode = 1

[node name="TouchScreenButtonMenu" type="TouchScreenButton" parent="CanvasLayer/TouchControls"]
position = Vector2(224, 16)
texture_normal = ExtResource("7_qp4yc")
texture_pressed = ExtResource("8_aduc0")
shape = ExtResource("4")
passby_press = true
action = "menu"
visibility_mode = 1

[node name="ColorRect" parent="CanvasLayer" instance=ExtResource("2_uh8fr")]

[connection signal="pressed" from="CanvasLayer/TouchControls/TouchScreenButtonMenu" to="." method="_on_touch_screen_button_menu_pressed"]
